<?xml version="1.0" encoding="UTF-8"?>
<collection xmlns:xsi="http://www.w3.org/2001/XMLSchema-instance" xsi:schemaLocation="http://www.loc.gov/MARC21/slim http://www.loc.gov/standards/marcxml/schema/MARC21slim.xsd" xmlns="http://www.loc.gov/MARC21/slim">
<record>
  <leader>00826cam a2200229 i 4500</leader>
  <controlfield tag="001">2677969</controlfield>
  <controlfield tag="003">NNC</controlfield>
  <controlfield tag="005">20150920222855.0</controlfield>
  <controlfield tag="008">810112s1937    ua            000 0 arard</controlfield>
  <datafield tag="035" ind1=" " ind2=" ">
    <subfield code="a">(OCoLC)ocm07057204</subfield>
  </datafield>
  <datafield tag="035" ind1=" " ind2=" ">
    <subfield code="9">ARC6728CU</subfield>
  </datafield>
  <datafield tag="035" ind1=" " ind2=" ">
    <subfield code="a">(NNC)2677969</subfield>
  </datafield>
  <datafield tag="040" ind1=" " ind2=" ">
    <subfield code="a">CLU</subfield>
    <subfield code="c">CLU</subfield>
    <subfield code="d">FUG</subfield>
    <subfield code="d">ZCU</subfield>
  </datafield>
  <datafield tag="043" ind1=" " ind2=" ">
    <subfield code="a">f-sj---</subfield>
  </datafield>
  <datafield tag="099" ind1=" " ind2=" ">
    <subfield code="a">962</subfield>
    <subfield code="a">T87</subfield>
  </datafield>
  <datafield tag="100" ind1="1" ind2=" ">
    <subfield code="a">Ṭūsūn, ʻUmar,</subfield>
    <subfield code="c">Prince,</subfield>
    <subfield code="d">1872-1944.</subfield>
  </datafield>
  <datafield tag="245" ind1="1" ind2="0">
    <subfield code="a">Taʾrīkh Mudīrīyat Khaṭṭ al-Istiwāʾ al-Miṣrīyah</subfield>
    <subfield code="b">min fatḥihā ilā ḍiyāʻihā min sanat 1869 ilā 1889 M /</subfield>
    <subfield code="c">lil-Amīr ʻUmar Ṭūsūn.</subfield>
  </datafield>
  <datafield tag="260" ind1=" " ind2=" ">
    <subfield code="a">Iskandarīyah :</subfield>
    <subfield code="b">Maṭbaʻat al-ʻAdl,</subfield>
    <subfield code="c">1355 H. / 1937 M.</subfield>
  </datafield>
  <datafield tag="300" ind1=" " ind2=" ">
    <subfield code="a">3 v. :</subfield>
    <subfield code="b">plates, ports, fold. maps. ;</subfield>
    <subfield code="c">28 cm.</subfield>
  </datafield>
  <datafield tag="651" ind1=" " ind2="0">
    <subfield code="a">Sudan</subfield>
    <subfield code="x">History.</subfield>
  </datafield>
  <datafield tag="740" ind1="0" ind2=" ">
    <subfield code="a">Mudīrīyat Khaṭṭ al-Istiwāʾ al-Miṣrīyah.</subfield>
  </datafield>
  <datafield tag="955" ind1=" " ind2=" ">
    <subfield code="b">0026812339</subfield>
    <subfield code="d">glx</subfield>
    <subfield code="e">962 T87</subfield>
    <subfield code="v">v.1</subfield>
  </datafield>
</record>
</collection>